
@inproceedings{Biel-etal-11-NSS,
	Author = {N. Bielova and D. Devriese and F. Massacci and F. Piessens},
	Booktitle = {Proc. of NSS 2011},
	Pages = {97-104},
	Title = {Reactive non-interference for a Browser model},
	Year = {2011}}
	
@inproceedings{Bielova-Rezk-16-ESORICS,
  author    = {Nataliia Bielova and
               Tamara Rezk},
  title     = {Spot the Difference: Secure Multi-execution and Multiple Facets},
  booktitle = {Proc. of ESORICS 2016},
  pages     = {501--519},
  year      = {2016}
}


@inproceedings{Austin-Flanagan-12-POPL,
 author = {Austin, Thomas H. and Flanagan, Cormac},
 title = {Multiple Facets for Dynamic Information Flow},
 booktitle = {Proc. of POPL 2012},
 year = {2012},
 isbn = {978-1-4503-1083-3},
 pages = {165--178},
 numpages = {14}
}

@inproceedings{Devriese-Piessens-10-SSP,
 author = {Devriese, Dominique and Piessens, Frank},
 title = {Noninterference Through Secure Multi-execution},
 booktitle = {Proc. IEEE SSP 2010},
 year = {2010},
 isbn = {978-0-7695-4035-1},
 pages = {109--124},
 numpages = {16}
}


@inproceedings{Kashyap-etal-11-SSP,
 author = {Vineeth Kashyap  and Ben  Wiedermann and  Ben Hardekopf},
 title = {Timing- and Termination-Sensitive Secure Information Flow: Exploring a New Approach},
 booktitle = {Proc. of IEEE SSP 2011},
 year = {2011},
 isbn = {978-0-7695-4402-1},
 pages = {413--428},
 numpages = {16}
}

@inproceedings{Schmitz-etal-16-POST,
  author={Schmitz, Thomas and Rhodes, Dustin and Austin, Thomas H and Knowles, Kenneth and Flanagan, Cormac},
  title={Faceted dynamic information flow via control and data monads},
  booktitle={Proc. of POST 2016},
  pages={3--23},
  year={2016}
}


@book{Nielson-07-book,
 author = {Nielson, Hanne Riis and Nielson, Flemming},
 title = {Semantics with Applications: An Appetizer (Undergraduate Topics in Computer Science)},
 year = {2007},
 isbn = {1846286913}
}

@inproceedings{minhpopl15,
  author    = {Minh Ngo and
               Fabio Massacci and
               Dimiter Milushev and
               Frank Piessens},
  title     = {Runtime Enforcement of Security Policies on Black Box Reactive Programs},
  booktitle = { Proc. of POPL 2015},
  year      = {2015}
  }

@inproceedings{Austin-Cormac-09-PLAS,
 author = {Austin, Thomas H. and Flanagan, Cormac},
 title = {Efficient Purely-dynamic Information Flow Analysis},
 booktitle = {Proc. of PLAS 2009},
 year = {2009},
 pages = {113--124},
 numpages = {12}
}

@inproceedings{Austin-Cormac-10-PLAS,
 author = {Austin, Thomas H. and Flanagan, Cormac},
 title = {Permissive Dynamic Information Flow Analysis},
 booktitle = {Proc. of PLAS 2010},
 year = {2010},
 pages = {1--12},
 numpages = {12}
}

@inproceedings{Bichhawat-etal-14-PLAS,
 author = {Bichhawat, Abhishek and Rajani, Vineet and Garg, Deepak and Hammer, Christian},
 title = {Generalizing Permissive-Upgrade in Dynamic Information Flow Analysis},
 booktitle = {Proc. of PLAS 2014},
 year = {2014},
 pages = {15--24},
 numpages = {10}
}


@inproceedings{Bielova-Rezk-16-POST,
  author    = {Nataliia Bielova and
               Tamara Rezk},
  title     = {A Taxonomy of Information Flow Monitors},
  booktitle = {Proc. of POST 2016},
  pages     = {46--67},
  year      = {2016}
}

@inproceedings{Vanhoef-etal-14-CSF,
 author = {Vanhoef, Mathy and De Groef, Willem and Devriese, Dominique and Piessens, Frank and Rezk, Tamara},
 title = {Stateful Declassification Policies for Event-Driven Programs},
 booktitle = {Proc. of CSF 2014},
 year = {2014},
 pages = {293--307},
 numpages = {15}
}

@inproceedings{Bolosteanu-Garg-16-POST,
 author = {Bolo\c{s}teanu, Iulia and Garg, Deepak},
 title = {Asymmetric Secure Multi-execution with Declassification},
 booktitle = {Proc. of POST 2016},
 year = {2016},
 pages = {24--45},
 numpages = {22}
}

@inproceedings{Rafnsson-Sabelfeld-13-CSF,
 author = {Rafnsson, Willard and Sabelfeld, Andrei},
 title = {Secure Multi-execution: Fine-Grained, Declassification-Aware, and Transparent},
 booktitle = {Proc. of CSF 2013},
 year = {2013},
 pages = {33--48},
 numpages = {16}
}

@inproceedings{Santos-etal-15-TGC,
  author    = {Jos{\'{e}} Fragoso Santos and
               Thomas Jensen and
               Tamara Rezk and
               Alan Schmitt},
  title     = {Hybrid Typing of Secure Information Flow in a JavaScript-Like Language},
  booktitle = {Proc. of TGC 2015},
  pages     = {63--78},
  year      = {2015}
}

@inproceedings{Bohannon-etal-09-CCS,
  title={Reactive noninterference},
  author={Bohannon, Aaron and Pierce, Benjamin C and Sj{\"o}berg, Vilhelm and Weirich, Stephanie and Zdancewic, Steve},
  booktitle={Proc. of CCS 2009},
  pages={79--90},
  year={2009}
}

@incollection{Barthe-etal-12-FTDS,
  title={Secure multi-execution through static program transformation},
  author={Barthe, Gilles and Crespo, Juan Manuel and Devriese, Dominique and Piessens, Frank and Rivas, Exequiel},
  booktitle={Formal Techniques for Distributed Systems},
  pages={186--202},
  year={2012}
}

@inproceedings{Zanarini-etal-13-CSF,
  title={Precise enforcement of confidentiality for reactive systems},
  author={Zanarini, Dante and Jaskelioff, Mauro and Russo, Alejandro},
  booktitle={Proc. of CSF 2013},
  pages={18--32},
  year={2013}
}

@inproceedings{DeGroef-etal-12-CCS,
  title={FlowFox: a web browser with flexible and precise information flow control},
  author={De Groef, Willem and Devriese, Dominique and Nikiforakis, Nick and Piessens, Frank},
  booktitle={Proc. of CCS 2012},
  pages={748--759},
  year={2012}
}

@inproceedings{Stefan-etal-12-ICFP,
  title={Addressing covert termination and timing channels in concurrent information flow systems},
  author={Stefan, Deian and Russo, Alejandro and Buiras, Pablo and Levy, Amit and Mitchell, John C and Mazieres, David},
  booktitle={ACM SIGPLAN Notices},
  volume={47},
  pages={201--214},
  year={2012}
}

@inproceedings{Stefan-etal-11-ICFP,
 author = {Stefan, Deian and Russo, Alejandro and Mitchell, John C. and Mazi\`{e}res, David},
 title = {Flexible Dynamic Information Flow Control in Haskell},
 booktitle = {Proc. of Haskell 2011},
 year = {2011},
 isbn = {978-1-4503-0860-1},
 location = {Tokyo, Japan},
 pages = {95--106},
 numpages = {12}
}

@inproceedings{Myers-99-POPL,
  title={JFlow: Practical mostly-static information flow control},
  author={Myers, Andrew C},
  booktitle={Proc. of POPL 1999},
  pages={228--241},
  year={1999}
}

@article{Myers-Liskov-00-TOSEM,
  title={Protecting privacy using the decentralized label model},
  author={Myers, Andrew C and Liskov, Barbara},
  journal={TOSEM},
  volume={9},
  number={4},
  pages={410--442},
  year={2000}
}

@article{Denning-76-CACM,
  title={A lattice model of secure information flow},
  author={Denning, Dorothy E},
  journal={Comm, of the ACM},
  volume={19},
  number={5},
  pages={236--243},
  year={1976}
}

@inproceedings{Leroy-06-POPL,
 author = {Leroy, Xavier},
 title = {Formal Certification of a Compiler Back-end or: Programming a Compiler with a Proof Assistant},
 booktitle = {Proc. of POPL 2006},
 year = {2006},
 pages = {42--54},
 numpages = {13}
}

@techreport{Bielova-Rezk-16-TR,
 author = {Nataliia Bielova and Tamara Rezk},
 title = {Spot the Difference: Secure Multi-Execution and Multiple Facets},
 year = {2016},
 note = {https://goo.gl/b7yoQ9},
 }



@inproceedings{Jaskelioff-Russo-11-PSI,
  title={Secure multi-execution in haskell},
  author={Jaskelioff, Mauro and Russo, Alejandro},
  booktitle={Proc. of PSI 2011},
  pages={170--178},
  year={2011}
}

@article{Sabelfeld-Myers-03-JSAC,
  title={Language-based information-flow security},
  author={Sabelfeld, Andrei and Myers, Andrew C},
  journal={IEEE Journal on selected areas in communications},
  volume={21},
  number={1},
  pages={5--19},
  year={2003}
}

@string{POPL = "{ACM Symp. on Principles of Programming Languages}"}

@inproceedings{Pottier:Simonet:POPL02,
	author = "Pottier, F. and Simonet, V.",
	booktitle = {Proc. of POPL 2002},
	pages = "319--330",
	title = "{Information Flow Inference for {ML}}",
	year = 2002
}

@inproceedings{BrobergDS13,
   author = {Broberg, Niklas and van Delft, Bart and Sands, David},
   booktitle = {APLAS},
   pages = {217-232},
  publisher = {Springer},
   title = {Paragon for Practical Programming with Information-Flow Control.},
  year = 2013
}

@inproceedings{hedin2014jsflow,
	author = "Hedin, D. and Birgisson, A. and Bello, L. and Sabelfeld, A.",
	booktitle = {{ACM} Symposium on Applied Computing},
	publisher = "ACM",
	title = "{JSFlow}: Tracking information flow in {J}ava{S}cript and its {API}s",
	year = "2014"
}

@inproceedings{Russo:2015,
 author = {Russo, Alejandro},
 title = {{Functional Pearl: Two Can Keep a Secret, if One of Them Uses Haskell}},
 booktitle = {Proc. of ICFP 2015},
 year = {2015}
}

@inproceedings{Roy:2009,
 author = {Roy, Indrajit and Porter, Donald E. and Bond, Michael D. and McKinley, Kathryn S. and Witchel, Emmett},
 title = {Laminar: Practical Fine-grained Decentralized Information Flow Control},
 booktitle = {Proc. of PLDI 2009},
 year = {2009}
}

@inproceedings{Zeldovich:2006,
	author = "Zeldovich, Nickolai and Boyd-Wickizer, Silas and Kohler, Eddie and Mazi{\`e}res, David",
	booktitle = "{USENIX Symp. on Operating Systems Design and Implementation}",
	publisher = "USENIX",
	title = "{Making information flow explicit in HiStar}",
	year = "2006"
}

@inproceedings{Krohn:2007:IFC:1294261.1294293,
 author = {Krohn, Maxwell and Yip, Alexander and Brodsky, Micah and Cliffer, Natan and Kaashoek, M. Frans and Kohler, Eddie and Morris, Robert},
 title = {Information Flow Control for Standard {OS} Abstractions},
 booktitle = {Proc. of SOSP 2007},
 year = {2007}
}

@inproceedings{Efstathopoulos:2005,
	author = "Efstathopoulos, Petros and Krohn, Maxwell and VanDeBogart, Steve and Frey, Cliff and Ziegler, David and Kohler, Eddie and Mazi{\`e}res, David and Kaashoek, Frans and Morris, Robert",
	booktitle = "Proc. of SOSP 2005",
	title = "{Labels and event processes in the {Asbestos} operating system}",
	year = "2005"
}

@inproceedings{Stefan:2011,
 author = {Stefan, D. and Russo, A. and Mazi\`{e}res, D. and Mitchell, J. C.},
 title = {Disjunction Category Labels},
 booktitle = "Proc. of NORDSEC 2011",
 year = {2011}
}

@InProceedings{WayeBKCR2015,
  author = 	 {Lucas Waye and Pablo Buiras and Dan King and Stephen Chong and Alejandro Russo},
  title = 	 {It's My Privilege: Controlling Downgrading in {DC}-Labels},
  booktitle = {Proc. of STM 2015},
  year = 	 2015
}

@misc{Anonymous-17,
   author = {Anonymous},
   title = {Another look inside multiple facets - Proofs},
   note = {\url{https://goo.gl/e2F7fb}}
   }
